% This file was created with JabRef 2.9.2.
% Encoding: Cp1252

@INPROCEEDINGS{5196004,
  author = {Alexandrescu, D. and Lhomme-Perrot, A.-L. and Schaefer, E. and Beltrando,
	C.},
  title = {Highs and lows of radiation testing},
  booktitle = {On-Line Testing Symposium, 2009. IOLTS 2009. 15th IEEE International},
  year = {2009},
  pages = {179-179},
  doi = {10.1109/IOLTS.2009.5196004},
  file = {:HighsAndLowsRadiationTesting.pdf:PDF},
  keywords = {integrated circuit reliability;integrated circuit testing;radiation
	hardening (electronics);real-time systems;circuit behavior;microelectronic
	devices;product lifetime;radiation testing;real time testing;reliability
	engineering;single event effects;Alpha particles;Circuit testing;Hardware;Instruments;Life
	estimation;Life testing;Microelectronics;Neutrons;Power supplies;Reliability
	engineering}
}

@PHDTHESIS{CaiThesis,
  author = {Cai, X.X.},
  title = {Characterizing the influence of neutron fields in causing Single-Event
	effects using portable detectors},
  school = {School of Computing,Engineering and Physical Science; University
	of Central Lancashire},
  year = {2010},
  file = {:CaiXPhDthesis.pdf:PDF}
}

@MANUAL{gitManual,
  title = {Pro Git},
  author = {Scott Chacon},
  organization = {Git},
  year = {2009},
  file = {:progit.en.pdf:PDF},
  owner = {QHong},
  timestamp = {2013.11.27}
}

@MANUAL{geant4Manual,
  title = {Geant4 User's Guide for Application Developers},
  author = {Geant4 Collaboration},
  month = {November},
  year = {2012},
  note = {version: geant4 9.6.0},
  file = {:BookForAppliDev.pdf:PDF},
  owner = {QHong},
  timestamp = {2013.11.27}
}

@ARTICLE{5341356,
  author = {Dyer, C. and Hands, A. and Fan Lei and Truscott, P. and Ryden, K.A.
	and Morris, P. and Getley, I. and Bennett, L. and Bennett, B. and
	Lewis, B.},
  title = {Advances in Measuring and Modeling the Atmospheric Radiation Environment},
  journal = {Nuclear Science, IEEE Transactions on},
  year = {2009},
  volume = {56},
  pages = {3415-3422},
  number = {6},
  doi = {10.1109/TNS.2009.2032185},
  file = {:AdvancesInMeasuringAndModelingAtmosphericRadiationEnvironment.pdf:PDF},
  issn = {0018-9499},
  keywords = {air pollution;cosmic rays;dosimetry;proportional counters;radiation
	monitoring;QinetiQ Atmospheric Radiation Model;altitude 12 km;altitude
	13 km;atmospheric radiation environment;cosmic-ray heavy ions;current
	deep solar;dose equivalent;radiation monitors;single event effects;solid-state
	detectors;tissue equivalent proportional counters;Atmospheric measurements;Atmospheric
	modeling;Event detection;Monitoring;Particle measurements;Performance
	evaluation;Pregnancy;Radiation detectors;Sea measurements;Solid state
	circuits;Ambient dose equivalent;atmospheric measurements;radiation
	monitors;single event effects}
}

@INPROCEEDINGS{5488795,
  author = {Platt, S.P. and Prokofiev, A.V. and Cai, X.X.},
  title = {Fidelity of energy spectra at neutron facilities for single-event
	effects testing},
  booktitle = {Reliability Physics Symposium (IRPS), 2010 IEEE International},
  year = {2010},
  pages = {411-416},
  doi = {10.1109/IRPS.2010.5488795},
  file = {:FidelityOfEnergySpectraAtNeutronFacilitiesForSEET.pdf:PDF},
  issn = {1541-7026},
  keywords = {neutron effects;radiation hardening (electronics);random-access storage;semiconductor
	device testing;RAM;SEE cross-section curves;energy spectra fidelity;neutron
	beam spectra fidelity;neutron facilities;predicted SEE rate errors;quasimonoenergetic
	neutrons;single event effects accelerated testing;spallation neutron
	sources;Atmospheric modeling;Benchmark testing;Error correction;Ice;Laboratories;Life
	estimation;Neutrons;Particle beams;Physics computing;Power engineering
	and energy}
}

@INPROCEEDINGS{5336295,
  author = {Prokofiev, A.V. and Blomgren, J. and Majerle, M. and Nolte, R. and
	Rottger, S. and Platt, S.P. and Cai Xiao Xiao and Smirnov, A.N.},
  title = {Characterization of the ANITA Neutron Source for Accelerated SEE
	Testing at the Svedberg Laboratory},
  booktitle = {Radiation Effects Data Workshop, 2009 IEEE},
  year = {2009},
  pages = {166-173},
  doi = {10.1109/REDW.2009.5336295},
  file = {:2009_CharacterizationOfAnitaNeutronSourceForASEETatTSL.pdf:PDF},
  keywords = {life testing;neutron effects;neutron sources;radiation hardening (electronics);ANITA
	neutron source;SER testing;Svedberg Laboratory;Sweden;Uppsala;accelerated
	SEE testing;atmospheric-like neutrons;neutron facility;semiconductor
	components;single event effects;soft error rate testing;thick target;Apertures;Collimators;Laboratories;Life
	estimation;Neutrons;Particle beams;Protons;Shape;Testing;Tungsten}
}

@INPROCEEDINGS{5782723,
  author = {Prokofiev, A.V. and Blomgren, J. and Nolte, R. and Platt, S.P. and
	Rottger, S. and Smirnov, A.N.},
  title = {Characterization of the ANITA neutron source for accelerated SEE
	testing at The Svedberg laboratory},
  booktitle = {Radiation and Its Effects on Components and Systems (RADECS), 2008
	European Conference on},
  year = {2008},
  pages = {260-267},
  doi = {10.1109/RADECS.2008.5782723},
  file = {:CharacterizationOfANITANeutronSourceForASEETatTSL.pdf:PDF},
  issn = {0379-6566},
  keywords = {life testing;neutron effects;semiconductor device testing;ANITA neutron
	source;accelerated SEE testing;electronic components;neutron-induced
	single event effects;Apertures;Atmospheric measurements;Monitoring;Neutrons;Particle
	beams;Production;Protons;aircraft reliability;integrated circuit
	radiation effects;integrated circuit reliability;integrated circuit
	testing;neutron beams;neutron radiation effects}
}

@INPROCEEDINGS{5173383,
  author = {Prokofiev, A.V. and Blomgren, J. and Platt, S.P. and Nolte, R. and
	Rottger, S. and Smirnov, A.N.},
  title = {ANITA - a new neutron facility for accelerated SEE testing at the
	svedberg laboratory},
  booktitle = {Reliability Physics Symposium, 2009 IEEE International},
  year = {2009},
  pages = {929-935},
  doi = {10.1109/IRPS.2009.5173383},
  file = {:ANITA_ANewNeutronFacilityForASEETatTSL.pdf:PDF},
  issn = {1541-7026},
  keywords = {life testing;neutron effects;reliability;ANITA;accelerated SEE testing;atmospheric-like
	neutrons from thick target;neutron facility;single event effects;Apertures;Collimators;Electronic
	components;Laboratories;Life estimation;Neutrons;Particle beams;Protons;Testing;Tungsten;aircraft
	reliability;integrated circuit radiation effects;integrated circuit
	reliability;integrated circuit testing;neutron beams;neutron radiation
	effects}
}

@INPROCEEDINGS{1315443,
  author = {Yahagi, Y. and Ibe, E. and Takahashi, Y. and Saito, Y. and Eto, A.
	and Sato, M. and Kameyama, H. and Hidaka, M. and Terunuma, K. and
	Nunomiya, T. and Nakamura, T.},
  title = {Threshold energy of neutron-induced single event upset as a critical
	factor},
  booktitle = {Reliability Physics Symposium Proceedings, 2004. 42nd Annual. 2004
	IEEE International},
  year = {2004},
  pages = {669-670},
  doi = {10.1109/RELPHY.2004.1315443},
  file = {:ThresholdEnergyNeutron_InducedSEUAsCriticalFactor.pdf:PDF},
  keywords = {integrated circuit reliability;neutron effects;radiation hardening
	(electronics);semiconductor device breakdown;semiconductor device
	reliability;critical factor;neutron-induced single event upset;semiconductor
	devices scaling;soft error rate;threshold energy;Identity-based encryption;Laboratories;Life
	estimation;MONOS devices;Neutrons;Power engineering and energy;Production
	engineering;Random access memory;Single event upset;Testing}
}

@PHDTHESIS{ZhangThesis,
  author = {Zhang, L.H.},
  title = {Neutron beam monitoring for single-event effects testing},
  school = {School of Computing,Engineering and Physical Science; University
	of Central Lancashire},
  year = {2012},
  file = {:Zhang_Thesis.pdf:PDF}
}

@INPROCEEDINGS{6131336,
  author = {Zhang, L.H. and Platt, S.P.},
  title = {Minimally invasive neutron beam monitoring for single-event effects
	accelerated testing},
  booktitle = {Radiation and Its Effects on Components and Systems (RADECS), 2011
	12th European Conference on},
  year = {2011},
  pages = {945-949},
  doi = {10.1109/RADECS.2011.6131336},
  file = {:MinimallyInvasiveNeutronBeamMonitoringForSEEAT.pdf:PDF},
  issn = {0379-6566},
  keywords = {elemental semiconductors;neutron effects;photodiodes;semiconductor
	device testing;silicon;LANSCE ICE House;Si;beam degradation;local
	beam monitoring;local fluence measurements;minimally invasive neutron
	beam monitoring;neutron SEE tests;silicon photodiodes;single-event
	effects accelerated testing;upstream experiments;Detectors;Ice;Monitoring;Neutrons;Particle
	beams;Radiation effects;Semiconductor device measurement;Neutron
	radiation effects;Particle beam measurements;Semiconductor device
	testing;Silicon radiation detectors}
}

@ARTICLE{5204744,
  author = {Zhang, L.H. and Platt, S. P. and Edwards, R. H. and Allabush, C.},
  title = {In-Situ Neutron Dosimetry for Single-Event Effect Accelerated Testing},
  journal = {Nuclear Science, IEEE Transactions on},
  year = {2009},
  volume = {56},
  pages = {2070-2076},
  number = {4},
  doi = {10.1109/TNS.2009.2013236},
  file = {:InSituNeutronDosimetryForSEEAT.pdf:PDF},
  issn = {0018-9499},
  keywords = {dosimetry;neutron detection;neutron flux;photodiodes;silicon radiation
	detectors;in-situ fast neutron dosimetry system;neutron detector;neutron
	flux;silicon detector;silicon photodiodes;single-event effect accelerated
	testing;Circuits;Detectors;Diodes;Dosimetry;Life estimation;Neutrons;Optical
	amplifiers;Particle beams;Photodiodes;Pulse amplifiers;Accelerated
	testing;neutron beams;neutron detectors;single event effects}
}

@ARTICLE{5389432,
  author = {Ziegler, J.F. and Curtis, H. W. and Muhlfeld, H.P. and Montrose,
	C.J. and Chin, B. and Nicewicz, M. and Russell, C. A. and Wang, W.
	Y. and Freeman, L. B. and Hosier, P. and LaFave, L. E. and Walsh,
	J.L. and Orro, J. M. and Unger, G. J. and Ross, J. M. and O'Gorman,
	T.J. and Messina, B. and Sullivan, T.D. and Sykes, A. J. and Yourke,
	H. and Enger, T. A. and Tolat, V. and Scott, T. S. and Taber, A.
	H. and Sussman, R. J. and Klein, W. A. and Wahaus, C. W.},
  title = {IBM experiments in soft fails in computer electronics (1978-1994)},
  journal = {IBM Journal of Research and Development},
  year = {1996},
  volume = {40},
  pages = {3-18},
  number = {1},
  doi = {10.1147/rd.401.0003},
  file = {:IBMexperimentsInSoftFailsInComputerElectronics.pdf:PDF},
  issn = {0018-8646}
}

